@Inbook{fptaylor-fm15,
author="Solovyev, Alexey
and Jacobsen, Charles
and Rakamari{\'{c}}, Zvonimir
and Gopalakrishnan, Ganesh",
editor="Bj{\o}rner, Nikolaj
and de Boer, Frank",
chapter="Rigorous Estimation of Floating-Point Round-off Errors with Symbolic Taylor Expansions",
title="FM 2015: Formal Methods: 20th International Symposium, Oslo, Norway, June 24-26, 2015, Proceedings",
year="2015",
publisher="Springer International Publishing",
address="Cham",
pages="532--550",
}
